@misc{arff, 
	title={ARFF (developer version)}, 
    url={http://weka.wikispaces.com/ARFF %28developer version%29}, 
    journal={weka}, 
    publisher={University of Waikato}}
@misc{uci, 
	title={UCI Machine Learning Repository Data Sets}, 
    url={http://archive.ics.uci.edu/ml/datasets.html}, 
    journal={UCI Machine Learning Repository: Data Sets}, 
    publisher={National Science Foundation}}
@misc{weka,
	title={WEKA 3: Data Mining Software in Java},
    url={http://www.cs.waikato.ac.nz/ml/weka/},
    publisher={University of Waikato}
    }